 [
   {"controlfield": [
    {
        "tag": "001", "value": "005965407"},
      {"tag": "005", "value": "20150123012845.0"},
      {"tag": "007", "value": "ta"},
      {"tag": "008", "value": "111124s2010    gw gh  f      000 0dger c"}
    ],
    "datafield": [
    {"ind1": " ", "ind2": " ", "tag": "010", "a": "2011477426"},
      {"ind1": "3", "ind2": "0", "tag": "024", "a": "9790001154451"},
      {"ind1": "2", "ind2": " ", "tag": "024", "a": "979-0-001-15445-1", "q": "sid."},
      {"ind1": "0", "ind2": "1", "tag": "028", "a": "AS 1009-20"},
      {"ind1": " ", "ind2": " ", "tag": "035", "a": "(FI-MELINDA)005965407"},
      {"ind1": " ", "ind2": " ", "tag": "040", "a": "FI-Hhmus", "b": "fin"},
      {"ind1": "0", "ind2": " ", "tag": "041", "a": [
    "ger", "eng"]},
      {"ind1": " ", "ind2": " ", "tag": "044", "a": [
    "gw", "au"],
        "c": [
    "de", "at"]},
      {"ind1": "0", "ind2": "0", "tag": "050", "a": [
    "M3", "MT145"],
        "b": ".S36 Abt. 4, Reihe B Bd. 9"},
      {"2": "kkaa", "ind1": " ", "ind2": "7", "tag": "072", "a": "89"},
      {"2": "kkaa", "ind1": " ", "ind2": "7", "tag": "072", "a": "52"},
      {"2": "lcco", "ind1": " ", "ind2": "7", "tag": "072", "a": "MT"},
      {"2": "ykl", "ind1": " ", "ind2": " ", "tag": "084", "a": "78.2"},
      {"ind1": "0", "ind2": "0", "tag": "245", "a": "Werke für Streichorchester :", "b": "kritischer Bericht zu den Bänden 9,1 und 9,2, Skizzen, Entstehungs- und Werkgeschichte, Dokumente /", "c": "Arnold Schönberg ; herausgegeben von Martin Albrecht-Hohmaier and Ullrich Scheideler."},
      {"ind1": "3", "ind2": "0", "tag": "246", "a": "Kritischer Bericht zu den Bänden 9,1 und 9,2, Skizzen, Entstehungs- und Werkgeschichte, Dokumente"},
      {"ind1": " ", "ind2": " ", "tag": "260", "a": [
    "Mainz :", "Wien :"],
        "b": [
    "Schott Music ;", "Universal Edition,"],
        "c": "2010", "e": "(Mainz :", "f": "Schott Music)."},
      {"ind1": " ", "ind2": " ", "tag": "300", "a": "XXII, 464 s. :", "b": "kuv., nuott. ;", "c": "31 cm."},
      {"ind1": " ", "ind2": " ", "tag": "336", "a": "Teksti"},
      {"ind1": " ", "ind2": " ", "tag": "337", "a": "ei välittävää laitetta"},
      {"ind1": "1", "ind2": " ", "tag": "490", "a": "Sämtliche Werke. Abteilung 4, Orchesterwerke. Reihe B / Arnold Schönberg ; unter dem Patronat der Akademie der Künste, Berlin, begründet von Josef Rufer, herausgegeben von Rudolf Stephan unter Mitarbeit von Reinhold Brinkmann, Richard Hoffmann, Leonard Stein und Ivan Vojtěch ;", "v": "Band 9"},
      {"ind1": " ", "ind2": " ", "tag": "504", "a": "S. [V]-[VI]: Inhalt."},
      {"ind1": " ", "ind2": " ", "tag": "504", "a": "S. XX: Abkürzungen und verkürzt zitierte Literatur."},
      {"ind1": "0", "ind2": " ", "tag": "505", "t": [
    "Vorwort ;", "Preface ;", "[Faksmilia] ;", "Editionsprinzipien ;", "Hinweise zu den Bänden der Reihe B ;", "Verzeichnis der Papiersorten ;", "Verklärte Nacht Op. 4 : Einrichtungen für Streichorchester (1916/17 und 1943) ;", "Streichquartett Op. 10 : Einrichtungen für Streichorchester (1919 und 1929) ;", "Suite im alten Stile für Streichorchester ;", "Ode to Napoleon Buonaparte (Lord Byron) : für Streichorchester, Klavier und Sprecher Op.41;", "Adagio (\"Notturno\") für Solo-Geige, Streichorchester und Harfe ;", "Gavotte und Musette (im alten Style) für Streichorchester ;", "Walzer für Streichorchester ;", "Zum entstehungsgeschichtlichen Kontext ;", "Anhang: Ludwig van Beethoven, Serenade für Violine, Viola und Violoncello Op. 8 : Einrichtung für Streichorchester, 1. Satz, Anfagstakte."]},
      {"ind1": " ", "ind2": " ", "tag": "579", "a": "XLUETTELOITU", "b": "helka"},
      {"4": "cmp", "ind1": "1", "ind2": "4", "tag": "600", "a": "Schönberg, Arnold,", "d": "1874-1951.", "t": "Verklärte Nacht,", "n": "op. 4;", "o": "sov., jousiork."},
      {"4": "cmp", "ind1": "1", "ind2": "4", "tag": "600", "a": "Schönberg, Arnold,", "d": "1874-1951.", "t": "Kvartetot,", "m": "jouset,", "n": "nro 2, op. 10,", "r": "fis-molli;", "o": "sov., jousiork."},
      {"4": "cmp", "ind1": "1", "ind2": "4", "tag": "600", "a": "Schönberg, Arnold,", "d": "1874-1951.", "t": "Sarjat,", "m": "jousiork.,", "r": "G-duuri."},
      {"4": "cmp", "ind1": "1", "ind2": "4", "tag": "600", "a": "Schönberg, Arnold,", "d": "1874-1951.", "t": "Ode to Napoleon Buonaparte,", "n": "op. 41."},
      {"4": "cmp", "ind1": "1", "ind2": "4", "tag": "600", "a": "Schönberg, Arnold,", "d": "1874-1951.", "t": "Adagio,", "m": "viulu, harppu, jousiork."},
      {"4": "cmp", "ind1": "1", "ind2": "4", "tag": "600", "a": "Schönberg, Arnold,", "d": "1874-1951.", "t": "Gavotte und Musette."},
      {"4": "cmp", "ind1": "1", "ind2": "4", "tag": "600", "a": "Schönberg, Arnold,", "d": "1874-1951.", "t": "Valssit, jousiork."},
      {"4": "cmp", "ind1": "1", "ind2": "4", "tag": "600", "a": "Beethoven, Ludwig van,", "d": "1770-1827.", "t": "Serenadit,", "m": "jousitrio,", "n": [
    "op. 8,", "Osa 1.", "Ote;"],
        "r": "D-duuri.", "o": "sov., jousiork. / Schönberg"},
      {"2": "ysa", "ind1": "0", "ind2": "7", "tag": "650", "a": "musiikkianalyysi", "x": [
    "orkesterimusiikki", "jousiorkesterit"]},
      {"2": "allars", "ind1": "0", "ind2": "7", "tag": "650", "a": "musikanalys", "x": [
    "orkestermusik", "stråkorkestrar"]},
      {"ind1": "0", "ind2": "0", "tag": "650", "a": "Musical sketches."},
      {"ind1": "0", "ind2": "0", "tag": "650", "a": "String orchestra music", "x": "Analysis, appreciation."},
      {"4": "edt", "ind1": "1", "ind2": " ", "tag": "700", "a": "Albrecht-Hohmaier, Martin."},
      {"4": "edt", "ind1": "1", "ind2": " ", "tag": "700", "a": "Scheideler, Ullrich,", "d": "1964-"},
      {"4": [
    "pbl", "prt"],
        "ind1": "2", "ind2": " ", "tag": "710", "a": "Schott Music."},
      {"4": "pbl", "ind1": "2", "ind2": " ", "tag": "710", "a": "Universal Edition."},
      {"4": "cmp", "ind1": "1", "ind2": " ", "tag": "800", "a": "Schönberg, Arnold,", "d": "1874-1951.", "t": "Teokset,", "f": "1966 ;", "v": "Reihe B, Band 9."},
      {"ind1": " ", "ind2": " ", "tag": "850", "a": "FI-Hhmus"}
    ],
    "leader": "03677cam a22005774i 4500"
  }
]